<record><leader>00000cas a22000007a 4500</leader><controlfield tag="001">15305331</controlfield><controlfield tag="008">870312d197719uutxucr ne      0    0eng d</controlfield><datafield ind1=" " ind2=" " tag="010"><subfield code="a">sn 86090970 </subfield></datafield><datafield ind1=" " ind2=" " tag="040"><subfield code="a">PPM</subfield><subfield code="b">eng</subfield><subfield code="c">PPM</subfield><subfield code="d">OCLCQ</subfield></datafield><datafield ind1=" " ind2=" " tag="042"><subfield code="a">msc</subfield></datafield><datafield ind1="0" ind2="4" tag="245"><subfield code="a">The Randall County reporter.</subfield></datafield><datafield ind1=" " ind2=" " tag="260"><subfield code="a">Canyon, Tex. :</subfield><subfield code="b">DeLinda Harrell,</subfield><subfield code="c">1977-</subfield></datafield><datafield ind1=" " ind2=" " tag="310"><subfield code="a">Semiweekly</subfield></datafield><datafield ind1="0" ind2=" " tag="362"><subfield code="a">Vol. 1, no. 1 (Apr. 17, 1977)-</subfield></datafield><datafield ind1=" " ind2=" " tag="752"><subfield code="a">United States</subfield><subfield code="b">Texas</subfield><subfield code="c">Randall</subfield><subfield code="d">Canyon.</subfield></datafield></record>